@misc{2024lnmcm,
    title = {2024辽宁省大学数学建模竞赛试题 B题：钢铁产品质量优化},
}

@article{PeanutButter,
  author = {George August Ph.D. and Anita Balliro Ph.D. and et al.},
  journal = {Improbable Research},
  title = {The Effects of Peanut Butter on the Rotation of the Earth},
  year = {1993},
  url = {https://improbable.com/airchives/classical/articles/peanut_butter_rotation.html}
}

@article{zhtest,
  author = {张三 and 李四},
  journal = {乱数假文研究报},
  number = {42},
  title = {关于矩伴花季节性零脱与菇曲现象的在城市线性垄壤中的},
  volume = {88},
  year = {2099}
}

@article{entest,
  author = {John Doe and Jane Smith},
  journal = {Journal of Lorem Ipsum Studies},
  number = {42},
  title = {Application of Seasonal Zero Shedding of Matcomp flower and Mushroom Curve Phenomenon in Urban Linear Ridge Soil},
  volume = {88},
  year = {2099}
}

@article{demo,
  author = {袁庆龙 and 候文义},
  journal = {太原理工大学学报},
  number = {32(1)},
  title = {Ni-P合金镀层组织形貌及显微硬度研究},
  volume = {51-53},
  year = {2001}
}